@article{test1,
author = {Robert H. Mcguckin, Mary L. Streitwieser and Mark Doms},
    title = {The Effect Of Technology Use On Productivity Growth},
    journal = {Economics of Innovation and New Technology},
    volume = {7},
    number = {1},
    pages = {1--26},
    year = {1998},
    publisher = {Routledge},
    doi = {10.1080/10438599800000026},
    URL = {
        https://doi.org/10.1080/10438599800000026
    },
    eprint = { 
        https://doi.org/10.1080/10438599800000026
    }
}